<record><leader>00000cas a22000007a 4500</leader><controlfield tag="001">15566125</controlfield><controlfield tag="008">870422d18871908inuwr ne      0    0eng d</controlfield><datafield ind1=" " ind2=" " tag="010"><subfield code="a">sn 87055958 </subfield></datafield><datafield ind1=" " ind2=" " tag="040"><subfield code="a">NPI</subfield><subfield code="b">eng</subfield><subfield code="c">NPI</subfield><subfield code="d">OCLCQ</subfield></datafield><datafield ind1=" " ind2=" " tag="042"><subfield code="a">msc</subfield></datafield><datafield ind1="0" ind2=" " tag="130"><subfield code="a">Sunday news (South Bend, Ind.)</subfield></datafield><datafield ind1="1" ind2="4" tag="245"><subfield code="a">The Sunday news.</subfield></datafield><datafield ind1="3" ind2="0" tag="246"><subfield code="a">South Bend Sunday news</subfield></datafield><datafield ind1=" " ind2=" " tag="260"><subfield code="a">South Bend, Ind. :</subfield><subfield code="b">C.N. Fassett,</subfield><subfield code="c">1887-1908.</subfield></datafield><datafield ind1=" " ind2=" " tag="310"><subfield code="a">Weekly</subfield></datafield><datafield ind1="0" ind2=" " tag="362"><subfield code="a">Vol. 1, no. 1 (Apr. 24, 1887)-21st year (Mar. 8, 1908).</subfield></datafield><datafield ind1=" " ind2=" " tag="500"><subfield code="a">Also published as: The South Bend Sunday news, Apr. 1897-June 1898.</subfield></datafield><datafield ind1=" " ind2=" " tag="752"><subfield code="a">United States</subfield><subfield code="b">Indiana</subfield><subfield code="c">Saint Joseph</subfield><subfield code="d">South Bend.</subfield></datafield><datafield ind1="0" ind2="0" tag="785"><subfield code="t">South Bend news</subfield><subfield code="w">(DLC)sn 87056185</subfield></datafield></record>